@book{dp,
  author = {Dimitri P. BertSekas},
  year = {2017},
  title = {Dynamic Programming and Optimal Control: 1},
  pages={116},
  publisher = {Addison-Wesley Professional.},
  isbn={1-886529-43-4}
}
@book{divnconq,
  author = {Additya Chatterjee, Ue Kiao, Geoffrey Ziskovin},
  year = {2022},
  title = {Decrease and Conquer Algorithms},
  pages={234},
  publisher = {Independent co.},
  isbn={979-8835654833}
}
@book{alg,
  author = {Peter Sanders, Martin Dietzfelbinger, Roman Dementiev},
  year = {2019},
  title = {Sequential and Parallel Algorithms and Data Structures: The Basic Toolbox},
  pages={509},
  publisher = {Springer},
  isbn={978-3-030-25209-0}
}
